<?xml version="1.0" encoding="UTF-8"?><collection xmlns="http://www.loc.gov/MARC21/slim"><record><leader>00375nam--2200133-i-4500</leader><controlfield tag="001">000045443</controlfield><controlfield tag="002">20161230</controlfield><controlfield tag="005">20161230201045</controlfield><controlfield tag="008">060222s1000------------r-----000-0-eng-d</controlfield><datafield ind1=" " ind2=" " tag="080"><subfield code="a">669:621.783.2</subfield></datafield><datafield ind1=" " ind2=" " tag="245"><subfield code="a">Tehnica moderna a furnalelor. capacitatea si profilul ffurnalelor</subfield></datafield><datafield ind1=" " ind2=" " tag="260"><subfield code="a">Bucuresti, Idt, 1952. 160 P</subfield></datafield><datafield ind1=" " ind2=" " tag="490"><subfield code="a">Comitetul De Stat Pentru Tehnica</subfield></datafield><datafield ind1=" " ind2=" " tag="852"><subfield code="a">2944</subfield></datafield></record></collection>